

@manual{tds,
  title = {The tds package},
  subtitle = {The TeX Directory Structure standard},
  author = {{TUG TWG-TDS}},
  url = {https://tug.org/tds/},
  urldate = {2024-04-22}, 
  date = {2004},
  version = {1.1},
}

@manual{bib2gls,
  title = {The bib2gls package},
  subtitle = {Command line application to convert .bib files to glossaries-extra.sty resource files},
  author = {Talbot, Nicola},
  url = {https://www.dickimaw-books.com/software/bib2gls/},
  urldate = {2024-04-22}, 
  date = {2024-01-30},
  version = {3.9},
}

@manual{latexmk,
  title = {The latexmk package},
  subtitle = {Fully automated LaTeX document generation},
  author = {Collins, John and McLean, Evan and Musliner, David J.},
  url = {https://www.cantab.net/users/johncollins/latexmk/index.html},
  urldate = {2024-04-22}, 
  date = {2024-04-07},
  version = {4.85},
}

@online{ctan:help:upload,
  author =        {The CTAN Team},
  title =         {How can I upload a package?},
  subtitle =      {Help on CTAN},
  url =           {https://ctan.org/help/upload-pkg},
  urldate =       {Retrieved 2024-04-23},
  organisation =  {Comprehensive \TeX{} Archive Network}
}

@online{ctan:help:tds,
  author =        {The CTAN Team},
  title =         {Guidelines for uploading TDS-Packaged materials to CTAN},
  url =           {https://ctan.org/TDS-guidelines},
  urldate =       {Retrieved 2024-04-23},
  organisation =  {Comprehensive \TeX{} Archive Network}
}

@online{ctan:help:addendum,
  author =        {The CTAN Team},
  title =         {Additional Information for CTAN Uploaders},
  url =           {https://ctan.org/file/help/ctan/CTAN-upload-addendum},
  urldate =       {Retrieved 2024-04-23},
  organisation =  {Comprehensive \TeX{} Archive Network}
}

@manual{gitinfo-lua,
  title = {The gitinfo-lua package},
  subtitle = {Display git project information in your LaTeX projects},
  author = {Nijenhuis, Erik},
  url = {https://ctan.org/pkg/gitinfo-lua},
  urldate = {2024-04-25}, 
  date = {2024},
  version = {1.1.0},
}

@online{xdp-docker,
  title = {\TeXLive Docker},
  subtitle = {Dockerfile for creating \TeXLive distributions with Ubuntu 22.04},
  author = {Nijenhuis, Erik},
  url = {https://github.com/Xerdi/xdp-docker},
  urldate = {2024-04-25},
  date = {2024},
  organization = {Xerdi},
}
